@inproceedings{kuhn2008phase,
	title={A phase field model for fracture},
	author={Kuhn, C and M{\"u}ller, R},
	booktitle={PAMM: Proceedings in Applied Mathematics and Mechanics},
	volume={8},
	number={1},
	pages={10223--10224},
	year={2008},
	organization={Wiley Online Library}
}

@article{gerasimov2016line,
	title={A line search assisted monolithic approach for phase-field computing of brittle fracture},
	author={Gerasimov, T and De Lorenzis, L},
	journal={Computer Methods in Applied Mechanics and Engineering},
	volume={312},
	pages={276--303},
	year={2016},
	publisher={Elsevier}
}


@article{ambati2016phase,
	title={A phase-field model for ductile fracture at finite strains and its experimental verification},
	author={Ambati, Marreddy and Kruse, Roland and De Lorenzis, Laura},
	journal={Computational Mechanics},
	volume={57},
	number={1},
	pages={149--167},
	year={2016},
	publisher={Springer}
}


@article{li2015phase,
	title={Phase-field modeling and simulation of fracture in brittle materials with strongly anisotropic surface energy},
	author={Li, Bin and Peco, Christian and Mill{\'a}n, Daniel and Arias, Irene and Arroyo, Marino},
	journal={International Journal for Numerical Methods in Engineering},
	volume={102},
	number={3-4},
	pages={711--727},
	year={2015},
	publisher={Wiley Online Library}
}

@article{wheeler2014augmented,
	title={An augmented-Lagrangian method for the phase-field approach for pressurized fractures},
	author={Wheeler, MF and Wick, T and Wollner, W},
	journal={Computer Methods in Applied Mechanics and Engineering},
	volume={271},
	pages={69--85},
	year={2014},
	publisher={Elsevier}
}

@article{verhoosel2013phase,
	title={A phase-field model for cohesive fracture},
	author={Verhoosel, Clemens V and Borst, Ren{\'e}},
	journal={International Journal for numerical methods in Engineering},
	volume={96},
	number={1},
	pages={43--62},
	year={2013},
	publisher={Wiley Online Library}
}


@article{borden2016phase,
	title={A phase-field formulation for fracture in ductile materials: Finite deformation balance law derivation, plastic degradation, and stress triaxiality effects},
	author={Borden, Michael J and Hughes, Thomas JR and Landis, Chad M and Anvari, Amin and Lee, Isaac J},
	journal={Computer Methods in Applied Mechanics and Engineering},
	volume={312},
	pages={130--166},
	year={2016},
	publisher={Elsevier}
}

@article{alessi2015gradient,
	title={Gradient damage models coupled with plasticity: variational formulation and main properties},
	author={Alessi, Roberto and Marigo, Jean-Jacques and Vidoli, Stefano},
	journal={Mechanics of Materials},
	volume={80},
	pages={351--367},
	year={2015},
	publisher={Elsevier}
}


@article{ambati2015phase,
	title={Phase-field modeling of ductile fracture},
	author={Ambati, Marreddy and Gerasimov, Tymofiy and De Lorenzis, Laura},
	journal={Computational Mechanics},
	volume={55},
	number={5},
	pages={1017--1040},
	year={2015},
	publisher={Springer}
}


@article{miehe2014phase,
	title={Phase field modeling of fracture in rubbery polymers. Part I: Finite elasticity coupled with brittle failure},
	author={Miehe, Christian and Sch{\"a}nzel, Lisa-Marie},
	journal={Journal of the Mechanics and Physics of Solids},
	volume={65},
	pages={93--113},
	year={2014},
	publisher={Elsevier}
}

@incollection{alberti2000variational,
	title={Variational models for phase transitions, an approach via $\Gamma$-convergence},
	author={Alberti, Giovanni},
	booktitle={Calculus of variations and partial differential equations},
	pages={95--114},
	year={2000},
	publisher={Springer}
}

@article{amor2009regularized,
	author = {Amor, Hanen and Marigo, J.-J and Maurini, Corrado},
	year = {2009},
	month = {08},
	pages = {1209-1229},
	title = {Regularized formulation of the variational brittle fracture with unilateral contact: Numerical experiments},
	volume = {57},
	booktitle = {Journal of the Mechanics and Physics of Solids}
}

@article{ambati2015review,
	title = {A review on phase-field models of brittle fracture and a new fast hybrid formulation},
	volume = {55},
	issn = {0178-7675, 1432-0924},
	url = {https://link.springer.com/article/10.1007/s00466-014-1109-y},
	doi = {10.1007/s00466-014-1109-y},
	language = {en},
	number = {2},
	urldate = {2018-06-06},
	journal = {Computational Mechanics},
	author = {Ambati, Marreddy and Gerasimov, Tymofiy and Lorenzis, Laura De},
	month = feb,
	year = {2015},
	pages = {383--405}
}



@article{miehe2010phase,
	title={A phase field model for rate-independent crack propagation: Robust algorithmic implementation based on operator splits},
	author={Miehe, Christian and Hofacker, Martina and Welschinger, Fabian},
	journal={Computer Methods in Applied Mechanics and Engineering},
	volume={199},
	number={45-48},
	pages={2765--2778},
	year={2010},
	publisher={Elsevier}
}


@article{bourdin2011time,
	title={A time-discrete model for dynamic fracture based on crack regularization},
	author={Bourdin, Blaise and Larsen, Christopher J and Richardson, Casey L},
	journal={International journal of fracture},
	volume={168},
	number={2},
	pages={133--143},
	year={2011},
	publisher={Springer}
}

@article{larsen2010existence,
	title={Existence of solutions to a regularized model of dynamic fracture},
	author={Larsen, Christopher J and Ortner, Christoph and S{\"u}li, Endre},
	journal={Mathematical Models and Methods in Applied Sciences},
	volume={20},
	number={07},
	pages={1021--1048},
	year={2010},
	publisher={World Scientific}
}


@article{miehe2010thermodynamically,
	title={Thermodynamically consistent phase-field models of fracture: Variational principles and multi-field FE implementations},
	author={Miehe, Christian and Welschinger, Fabian and Hofacker, Martina},
	journal={International Journal for Numerical Methods in Engineering},
	volume={83},
	number={10},
	pages={1273--1311},
	year={2010},
	publisher={Wiley Online Library}
}

@article{hakim2009laws,
	title={Laws of crack motion and phase-field models of fracture},
	author={Hakim, Vincent and Karma, Alain},
	journal={Journal of the Mechanics and Physics of Solids},
	volume={57},
	number={2},
	pages={342--368},
	year={2009},
	publisher={Elsevier}
}

@article{griffith1921,
  title={VI. The phenomena of rupture and flow in solids},
  author={Griffith, Alan A and Eng, M},
  journal={Phil. Trans. R. Soc. Lond. A},
  volume={221},
  number={582-593},
  pages={163--198},
  year={1921},
  publisher={The Royal Society}
}


@Inbook{Irwi1958elasticity,
	author={Irwin, George R.},
	editor={Fl{\"u}gge, S.},
	title={Fracture},
	bookTitle={Elasticity and Plasticity / Elastizit{\"a}t und Plastizit{\"a}t},
	year={1958},
	publisher={Springer Berlin Heidelberg},
	address={Berlin, Heidelberg},
	pages={551--590},
	doi={10.1007/978-3-642-45887-3_5},
	url={https://doi.org/10.1007/978-3-642-45887-3_5}
}

@article{fran1998revisiting,
	title={Revisiting brittle fracture as an energy minimization problem},
	author={Francfort, Gilles A and Marigo, J-J},
	journal={Journal of the Mechanics and Physics of Solids},
	volume={46},
	number={8},
	pages={1319--1342},
	year={1998},
	publisher={Elsevier}
}

@article{bour2008,
	title={The variational approach to fracture},
	author={Bourdin, Blaise and Francfort, Gilles A and Marigo, Jean-Jacques},
	journal={Journal of elasticity},
	volume={91},
	number={1-3},
	pages={5--148},
	year={2008},
	publisher={Springer}
}

@article{bourd2000,
	title={Numerical experiments in revisited brittle fracture},
	author={Bourdin, Blaise and Francfort, Gilles A and Marigo, Jean-Jacques},
	journal={Journal of the Mechanics and Physics of Solids},
	volume={48},
	number={4},
	pages={797--826},
	year={2000},
	publisher={Elsevier}
}

@article{mumf1989,
	title={Optimal approximations by piecewise smooth functions and associated variational problems},
	author={Mumford, David and Shah, Jayant},
	journal={Communications on pure and applied mathematics},
	volume={42},
	number={5},
	pages={577--685},
	year={1989},
	publisher={Wiley Online Library}
}